@book{lane78categories,
  author =	 {Saunders Mac Lane},
  title =	 {Categories for the Working Mathematician},
  year =	 1978,
  publisher =	 {Springer New York},
  url =		 {https://doi.org/10.1007/978-1-4757-4721-8},
  DATE_ADDED =	 {Sun Apr 2 11:50:04 2017},
  doi =		 {10.1007/978-1-4757-4721-8},
  pages =	 {nil},
  series =	 {Graduate Texts in Mathematics},
}

@article{kan58adjoint,
  author =	 {Daniel M. Kan},
  title =	 {Adjoint Functors},
  journal =	 {Transactions of the American Mathematical Society},
  volume =	 87,
  number =	 2,
  pages =	 {294-294},
  year =	 1958,
  doi =		 {10.1090/s0002-9947-1958-0131451-0},
  url =		 {https://doi.org/10.1090/s0002-9947-1958-0131451-0},
  DATE_ADDED =	 {Sun Apr 2 12:07:22 2017},
}

